@online{aed,
	author = "Tomás Oliveira e Silva",
	title = "Lecture Notes",
	url = "elearning.ua.pt",
	addendum = "(accessed: 22.12.2022)",
	keywords = "programming",
	year = "2022"
}

@online{cpp,
	author = "C Reference",
	title = "C Reference",
	url = "https://en.cppreference.com/w/",
	addendum = "(accessed: 22.12.2022)",
	keywords = "programming",
	year = "2020"
}

@misc{fowler,
  title={Fowler-Noll-Vo hash function},
  url={https://en.wikipedia.org/wiki/Fowler–Noll–Vo_hash_function},
  journal={Wikipedia}
}

@misc{skeeto,
  title={skeeto/hash-prospector},
  url={https://github.com/skeeto/hash-prospector#three-round-functions},
  author={Christopher Wellons},
}

@misc{valgrind,
  title={How do I use valgrind to find memory leaks?},
  url={https://stackoverflow.com/questions/5134891/how-do-i-use-valgrind-to-find-memory-leaks},
  year={2011},
  journal={Stack Overflow}
}